<?xml version="1.0" encoding="UTF-8"?><record xmlns="http://www.loc.gov/MARC21/slim" xmlns:cinclude="http://apache.org/cocoon/include/1.0" xmlns:zs="http://www.loc.gov/zing/srw/">
  <leader>00705cz  a2200157n  4500</leader>
  <controlfield tag="001">n  87106802 </controlfield>
  <controlfield tag="003">DLC</controlfield>
  <controlfield tag="005">20080404075433.0</controlfield>
  <controlfield tag="008">870626n| acannaabn          |a aaa      </controlfield>
  <datafield tag="010" ind1=" " ind2=" ">
    <subfield code="a">n  87106802 </subfield>
  </datafield>
  <datafield tag="035" ind1=" " ind2=" ">
    <subfield code="a">(OCoLC)oca01884764</subfield>
  </datafield>
  <datafield tag="040" ind1=" " ind2=" ">
    <subfield code="a">DLC</subfield>
    <subfield code="b">eng</subfield>
    <subfield code="c">DLC</subfield>
    <subfield code="d">DI</subfield>
    <subfield code="d">OCoLC</subfield>
  </datafield>
  <datafield tag="100" ind1="1" ind2=" ">
    <subfield code="a">Cadena, Fernando</subfield>
  </datafield>
  <datafield tag="400" ind1="1" ind2=" ">
    <subfield code="a">Cadena-C., Fernando</subfield>
  </datafield>
  <datafield tag="670" ind1=" " ind2=" ">
    <subfield code="a">nuc87-60902: Eiceman, G.A. Environmental modeling of toxic ... 1983</subfield>
    <subfield code="b">(hdg. on NmLcU rept.: Cadena, Fernando; usage: Fernando Cadena)</subfield>
  </datafield>
  <datafield tag="670" ind1=" " ind2=" ">
    <subfield code="a">His Treatment of water supplies contaminated with ... 1988:</subfield>
    <subfield code="b">t.p. (Fernando Cadena-C., Civil, Agricultural and Geological Engineering Dept., New Mexico State University; New Mexico Water Resources Research Institute)</subfield>
  </datafield>
</record>